@article{mininni,
  title={A hybrid MPI--OpenMP scheme for scalable parallel pseudospectral computations for fluid turbulence},
  author={Mininni, Pablo D and Rosenberg, Duane and Reddy, Raghu and Pouquet, Annick},
  journal={Parallel Computing},
  volume={37},
  number={6},
  pages={316--326},
  year={2011},
  publisher={Elsevier}
}
@article{jin,
  title={High performance computing using MPI and OpenMP on multi-core parallel systems},
  author={Jin, Haoqiang and Jespersen, Dennis and Mehrotra, Piyush and Biswas, Rupak and Huang, Lei and Chapman, Barbara},
  journal={Parallel Computing},
  volume={37},
  number={9},
  pages={562--575},
  year={2011},
  publisher={Elsevier}
}
@article{plimpton,
  title={MapReduce in MPI for large-scale graph algorithms},
  author={Plimpton, Steven J and Devine, Karen D},
  journal={Parallel Computing},
  volume={37},
  number={9},
  pages={610--632},
  year={2011},
  publisher={Elsevier}
}

@article{hunt,
 author = {Hunt, James W. and Szymanski, Thomas G.},
 title = {A Fast Algorithm for Computing Longest Common Subsequences},
 journal = {Commun. ACM},
 issue_date = {May 1977},
 volume = {20},
 number = {5},
 month = may,
 year = {1977},
 issn = {0001-0782},
 pages = {350--353},
 numpages = {4},
 url = {http://doi.acm.org/10.1145/359581.359603},
 doi = {10.1145/359581.359603},
 acmid = {359603},
 publisher = {ACM},
 address = {New York, NY, USA},
 keywords = {efficient algorithms, longest common subsequence},
}

@INPROCEEDINGS{survey, 
author={L. {Bergroth} and H. {Hakonen} and T. {Raita}}, 
booktitle={Proceedings Seventh International Symposium on String Processing and Information Retrieval. SPIRE 2000}, 
title={A survey of longest common subsequence algorithms}, 
year={2000}, 
volume={}, 
number={}, 
pages={39-48}, 
keywords={string matching;data structures;software performance evaluation;longest common subsequence algorithms;string comparison;algorithm performance;data structures;execution time;string matching;Costs;Sequences;Computer science;Application software;Data structures;Error correction;Dictionaries;DNA;Proteins;Books}, 
doi={10.1109/SPIRE.2000.878178}, 
ISSN={}, 
month={Sep.},}

@inproceedings{Li2017,
  doi = {10.1109/mcsoc.2017.13},
  url = {https://doi.org/10.1109/mcsoc.2017.13},
  year = {2017},
  month = sep,
  publisher = {{IEEE}},
  author = {Zuqing Li and Aakashdeep Goyal and Haklin Kimm},
  title = {Parallel Longest Common Sequence Algorithm on Multicore Systems Using {OpenACC},  {OpenMP} and {OpenMPI}},
  booktitle = {2017 {IEEE} 11th International Symposium on Embedded Multicore/Many-core Systems-on-Chip ({MCSoC})}
}

@inproceedings{Amdahl,
 author = {Amdahl, Gene M.},
 title = {Validity of the Single Processor Approach to Achieving Large Scale Computing Capabilities},
 booktitle = {Proceedings of the April 18-20, 1967, Spring Joint Computer Conference},
 series = {AFIPS '67 (Spring)},
 year = {1967},
 location = {Atlantic City, New Jersey},
 pages = {483--485},
 numpages = {3},
 url = {http://doi.acm.org/10.1145/1465482.1465560},
 doi = {10.1145/1465482.1465560},
 acmid = {1465560},
 publisher = {ACM},
 address = {New York, NY, USA},
} 

@article{Gustafson,
 author = {Gustafson, John L.},
 title = {Reevaluating Amdahl's Law},
 journal = {Commun. ACM},
 issue_date = {May 1988},
 volume = {31},
 number = {5},
 month = may,
 year = {1988},
 issn = {0001-0782},
 pages = {532--533},
 numpages = {2},
 url = {http://doi.acm.org/10.1145/42411.42415},
 doi = {10.1145/42411.42415},
 acmid = {42415},
 publisher = {ACM},
 address = {New York, NY, USA},
} 